@inproceedings{kalofolias2016learn,
  title={How to learn a graph from smooth signals},
  author={Kalofolias, Vassilis},
  booktitle={Artificial Intelligence and Statistics},
  pages={920--929},
  year={2016}
}

@inproceedings{
kalofolias2018large,
title={Large Scale Graph Learning From Smooth Signals},
author={Vassilis Kalofolias and NathanaÃ«l Perraudin},
booktitle={International Conference on Learning Representations},
year={2019},
url={https://openreview.net/forum?id=ryGkSo0qYm},
}

@article{pasdeloup2018characterization,
  title={Characterization and inference of graph diffusion processes from observations of stationary signals},
  author={Pasdeloup, Bastien and Gripon, Vincent and Mercier, Gr{\'e}goire and Pastor, Dominique and Rabbat, Michael G},
  journal={IEEE transactions on Signal and Information Processing over Networks},
  volume={4},
  number={3},
  pages={481--496},
  year={2018},
  publisher={IEEE}
}


@inproceedings{shafipour2017network,
  title={Network topology inference from non-stationary graph signals},
  author={Shafipour, Rasoul and Segarra, Santiago and Marques, Antonio G and Mateos, Gonzalo},
  booktitle={2017 IEEE International Conference on Acoustics, Speech and Signal Processing (ICASSP)},
  pages={5870--5874},
  year={2017},
  organization={IEEE}
}
