@book{Quarteroni:1639539,
      author        = "Quarteroni, Alfio",
      title         = "{Numerical models for differential problems}",
      publisher     = "Springer",
      address       = "Milano",
      series        = "MS\&A",
      year          = "2009",
      url           = "https://cds.cern.ch/record/1639539",
      doi           = "10.1007/978-88-470-1071-0",
}

@book{Strang,
  added-at = {2014-09-12T13:40:38.000+0200},
  address = {Belmont, CA},
  author = {Strang, Gilbert},
  biburl = {https://www.bibsonomy.org/bibtex/2928ae987a1afe04daac3c76587856389/alex_ruff},
  description = {Linear Algebra and Its Applications, 4th Edition: Gilbert Strang: 9780030105678: Amazon.com: Books},
  interhash = {89d8f10be9cdd770dd9639ac4d469e97},
  intrahash = {928ae987a1afe04daac3c76587856389},
  isbn = {0030105676 9780030105678 0534422004 9780534422004},
  keywords = {book math to_READ},
  publisher = {Thomson, Brooks/Cole},
  refid = {61231077},
  timestamp = {2014-09-12T13:40:38.000+0200},
  title = {Linear algebra and its applications},
  url = {http://www.amazon.com/Linear-Algebra-Its-Applications-Edition/dp/0030105676},
  year = 2006
}



@article{Vandergheynst,
  added-at = {2018-11-14T00:00:00.000+0100},
  author = {Shuman, David I. and Narang, Sunil K. and Frossard, Pascal and Ortega, Antonio and Vandergheynst, Pierre},
  biburl = {https://www.bibsonomy.org/bibtex/2d3302f64366d35e7bc6b72d1ae23e228/dblp},
  ee = {https://www.wikidata.org/entity/Q56883053},
  interhash = {67a131da969c7467031fcd58ee1ed422},
  intrahash = {d3302f64366d35e7bc6b72d1ae23e228},
  journal = {IEEE Signal Process. Mag.},
  keywords = {dblp},
  number = 3,
  pages = {83-98},
  timestamp = {2018-11-15T12:11:41.000+0100},
  title = {The Emerging Field of Signal Processing on Graphs: Extending High-Dimensional Data Analysis to Networks and Other Irregular Domains.},
  url = {http://dblp.uni-trier.de/db/journals/spm/spm30.html#ShumanNFOV13},
  volume = 30,
  year = 2013
}



@article{HEALPix,
author = {Gorski, Krzysztof and Hivon, Eric and Banday, AJ and Wandelt, Benjamin and K. Hansen, F and Reinecke, M and Bartelman, M},
year = {2004},
month = {09},
pages = {},
title = {HEALPix: A Framework for High-Resolution Discretization and Fast Analysis of Data Distributed on the Sphere},
volume = {622},
journal = {apj},
doi = {10.1086/427976}
}

@article{NN,
author="Csaji, B.C.",
title="Approximation with Artificial Neural Networks",
journal="M.S.'Thesis, Dept. Science, Eotvos Lorand Univ., Budapest, Hungary",
ISSN="",
publisher="",
year="2001",
month="",
volume="",
number="",
pages="",
URL="https://ci.nii.ac.jp/naid/20001716508/en/",
DOI="",
}

@book{rosenberg_1997, place={Cambridge}, series={London Mathematical Society Student Texts}, title={The Laplacian on a Riemannian Manifold: An Introduction to Analysis on Manifolds}, DOI={10.1017/CBO9780511623783}, publisher={Cambridge University Press}, author={Rosenberg, Steven}, year={1997}, collection={London Mathematical Society Student Texts}}


@inproceedings{SHREC17,
 author = {Savva, M. and Yu, F. and Su, Hao and Aono, M. and Chen, B. and Cohen-Or, D. and Deng, W. and Su, Hang and Bai, S. and Bai, X. and Fish, N. and Han, J. and Kalogerakis, E. and Learned-Miller, E. G. and Li, Y. and Liao, M. and Maji, S. and Tatsuma, A. and Wang, Y. and Zhang, N. and Zhou, Z.},
 title = {Large-scale 3D Shape Retrieval from ShapeNet Core55},
 booktitle = {Proceedings of the Eurographics 2016 Workshop on 3D Object Retrieval},
 series = {3DOR '16},
 year = {2016},
 isbn = {978-3-03868-004-8},
 location = {Lisbon, Portugal},
 pages = {89--98},
 numpages = {10},
 url = {https://doi.org/10.2312/3dor.20161092},
 doi = {10.2312/3dor.20161092},
 acmid = {3056479},
 publisher = {Eurographics Association},
 address = {Goslar Germany, Germany},
} 

@article{SCNN,
  author    = {Taco S. Cohen and
               Mario Geiger and
               Jonas K{\"{o}}hler and
               Max Welling},
  title     = {Spherical CNNs},
  journal   = {CoRR},
  volume    = {abs/1801.10130},
  year      = {2018},
  url       = {http://arxiv.org/abs/1801.10130},
  archivePrefix = {arXiv},
  eprint    = {1801.10130},
  timestamp = {Mon, 13 Aug 2018 16:48:25 +0200},
  biburl    = {https://dblp.org/rec/bib/journals/corr/abs-1801-10130},
  bibsource = {dblp computer science bibliography, https://dblp.org}
}

@article{Esteves,
  author    = {Carlos Esteves and
               Christine Allen{-}Blanchette and
               Ameesh Makadia and
               Kostas Daniilidis},
  title     = {3D object classification and retrieval with Spherical CNNs},
  journal   = {CoRR},
  volume    = {abs/1711.06721},
  year      = {2017},
  url       = {http://arxiv.org/abs/1711.06721},
  archivePrefix = {arXiv},
  eprint    = {1711.06721},
  timestamp = {Mon, 13 Aug 2018 16:48:40 +0200},
  biburl    = {https://dblp.org/rec/bib/journals/corr/abs-1711-06721},
  bibsource = {dblp computer science bibliography, https://dblp.org}
}
@inproceedings{Gusset,
  title={Spherical Convolutional Neural Networks: empirical analysis of SCNNs},
  author={Gusset, Frederik and Defferrard, Micha\"el and Perraudin, Nathana\"el and Vandergheynst, Pierre},
  journal={M.S.'Thesis, Dept. Micro Engineering,  \'Ecole Polytechnique F\'ed\'erale de Lausanne, Lausanne, Switzerland},
  year={2019},
}

@ARTICLE{Barber96thequickhull,
    author = {C. Bradford Barber and David P. Dobkin and Hannu Huhdanpaa},
    title = {The Quickhull algorithm for convex hulls},
    journal = {ACM TRANSACTIONS ON MATHEMATICAL SOFTWARE},
    year = {1996},
    volume = {22},
    number = {4},
    pages = {469--483}
}
@INPROCEEDINGS{Meyer02discretedifferential-geometry,
    author = {Mark Meyer and Mathieu Desbrun and Peter Schroeder and Alan H. Barr},
    title = {Discrete Differential-Geometry Operators for Triangulated 2-Manifolds},
    booktitle = {},
    year = {2002},
    pages = {35--57},
    publisher = {Springer-Verlag}
}
@ARTICLE{Desbrun1999,
author={Desbrun, M. and Meyer, M. and Schroder, P. and Barr, A.H.},
title={Implicit fairing of irregular meshes using diffusion and curvature flow},
journal={Implicit Fairing of Irregular Meshes Using Diffusion and Curvature Flow},
year={1999},
note={cited By 3},
source={Scopus},
}

@article{Frossard2017GraphBasedCO,
  title={Graph-Based Classification of Omnidirectional Images},
  author={Pascal Frossard and Renata Khasanova},
  journal={2017 IEEE International Conference on Computer Vision Workshops (ICCVW)},
  year={2017},
  pages={860-869}
}

@inproceedings{kalofolias2016learn,
  title={How to learn a graph from smooth signals},
  author={Kalofolias, Vassilis},
  booktitle={Artificial Intelligence and Statistics},
  pages={920--929},
  year={2016}
}

@inproceedings{
kalofolias2018large,
title={Large Scale Graph Learning From Smooth Signals},
author={Vassilis Kalofolias and NathanaÃ«l Perraudin},
booktitle={International Conference on Learning Representations},
year={2019},
url={https://openreview.net/forum?id=ryGkSo0qYm},
}

@article{pasdeloup2018characterization,
  title={Characterization and inference of graph diffusion processes from observations of stationary signals},
  author={Pasdeloup, Bastien and Gripon, Vincent and Mercier, Gr{\'e}goire and Pastor, Dominique and Rabbat, Michael G},
  journal={IEEE transactions on Signal and Information Processing over Networks},
  volume={4},
  number={3},
  pages={481--496},
  year={2018},
  publisher={IEEE}
}


@inproceedings{shafipour2017network,
  title={Network topology inference from non-stationary graph signals},
  author={Shafipour, Rasoul and Segarra, Santiago and Marques, Antonio G and Mateos, Gonzalo},
  booktitle={2017 IEEE International Conference on Acoustics, Speech and Signal Processing (ICASSP)},
  pages={5870--5874},
  year={2017},
  organization={IEEE}
}

@article{REUTER2009381,
title = "Discrete Laplace Beltrami operators for shape analysis and segmentation",
journal = "Computers and Graphics",
volume = "33",
number = "3",
pages = "381 - 390",
year = "2009",
note = "IEEE International Conference on Shape Modelling and Applications 2009",
issn = "0097-8493",
doi = "https://doi.org/10.1016/j.cag.2009.03.005",
url = "http://www.sciencedirect.com/science/article/pii/S0097849309000272",
author = "Martin Reuter and Silvia Biasotti and Daniela Giorgi and Giuseppe Patanas and Michela Spagnuolo"
}

@article{DeepSphere,
  author    = {Nathana{\"{e}}l Perraudin and
               Micha{\"{e}}l Defferrard and
               Tomasz Kacprzak and
               Raphael Sgier},
  title     = {DeepSphere: Efficient spherical Convolutional Neural Network with
               HEALPix sampling for cosmological applications},
  journal   = {CoRR},
  volume    = {abs/1810.12186},
  year      = {2018},
  url       = {http://arxiv.org/abs/1810.12186},
  archivePrefix = {arXiv},
  eprint    = {1810.12186},
  timestamp = {Thu, 01 Nov 2018 00:00:00 +0100},
  biburl    = {https://dblp.org/rec/bib/journals/corr/abs-1810-12186},
  bibsource = {dblp computer science bibliography, https://dblp.org}
}

@incollection{NIPS2006_2989,
title = {Convergence of Laplacian Eigenmaps},
author = {Belkin, Mikhail and Partha Niyogi},
booktitle = {Advances in Neural Information Processing Systems 19},
editor = {B. Sch\"{o}lkopf and J. C. Platt and T. Hoffman},
pages = {129--136},
year = {2007},
publisher = {MIT Press},
url = {http://papers.nips.cc/paper/2989-convergence-of-laplacian-eigenmaps.pdf}
}

@article{vonluxburg2008,
author = "von Luxburg, Ulrike and Belkin, Mikhail and Bousquet, Olivier",
doi = "10.1214/009053607000000640",
fjournal = "The Annals of Statistics",
journal = "Ann. Statist.",
month = "04",
number = "2",
pages = "555--586",
publisher = "The Institute of Mathematical Statistics",
title = "Consistency of spectral clustering",
url = "https://doi.org/10.1214/009053607000000640",
volume = "36",
year = "2008"
}

@inproceedings{Belkin:2005:TTF:2138147.2138189,
 author = {Belkin, Mikhail and Niyogi, Partha},
 title = {Towards a Theoretical Foundation for Laplacian-based Manifold Methods},
 booktitle = {Proceedings of the 18th Annual Conference on Learning Theory},
 series = {COLT'05},
 year = {2005},
 isbn = {3-540-26556-2, 978-3-540-26556-6},
 location = {Bertinoro, Italy},
 pages = {486--500},
 numpages = {15},
 url = {http://dx.doi.org/10.1007/11503415_33},
 doi = {10.1007/11503415_33},
 acmid = {2138189},
 publisher = {Springer-Verlag},
 address = {Berlin, Heidelberg},
} 

@article{Driscoll:1994:CFT:184069.184073,
 author = {Driscoll, J. R. and Healy, D. M.},
 title = {Computing Fourier Transforms and Convolutions on the 2-Sphere},
 journal = {Adv. Appl. Math.},
 issue_date = {June 1994},
 volume = {15},
 number = {2},
 month = jun,
 year = {1994},
 issn = {0196-8858},
 pages = {202--250},
 numpages = {49},
 url = {http://dx.doi.org/10.1006/aama.1994.1008},
 doi = {10.1006/aama.1994.1008},
 acmid = {184073},
 publisher = {Academic Press, Inc.},
 address = {Orlando, FL, USA},
} 
